

@article{mena2021socioeconomic,
  title={Socioeconomic status determines COVID-19 incidence and related mortality in Santiago, Chile},
  author={Mena, Gonzalo E and Martinez, Pamela P and Mahmud, Ayesha S and Marquet, Pablo A and Buckee, Caroline O and Santillana, Mauricio},
  journal={Science},
  volume={372},
  number={6545},
  year={2021},
  publisher={American Association for the Advancement of Science}
}

 @misc{bbc2021, title={Covid: The 'working poor' are hardest hit, Sheffield study finds}, url={https://www.bbc.com/news/health-56334982}, journal={BBC News}, publisher={BBC}, author={Morris, Deborah Cohen &amp; Jake}, year={2021}, month={Mar}} 
 
 @article{kiang2020every,
  title={Every body counts: measuring mortality from the COVID-19 pandemic},
  author={Kiang, Mathew V and Irizarry, Rafael A and Buckee, Caroline O and Balsari, Satchit},
  journal={Annals of Internal Medicine},
  volume={173},
  number={12},
  pages={1004--1007},
  year={2020},
  publisher={American College of Physicians}
}

@article{bennett2021all,
  title={All things equal? Heterogeneity in policy effectiveness against COVID-19 spread in chile},
  author={Bennett, Magdalena},
  journal={World development},
  volume={137},
  pages={105208},
  year={2021},
  publisher={Elsevier}
}

@article{vinceti2020lockdown,
  title={Lockdown timing and efficacy in controlling COVID-19 using mobile phone tracking},
  author={Vinceti, Marco and Filippini, Tommaso and Rothman, Kenneth J and Ferrari, Fabrizio and Goffi, Alessia and Maffeis, Giuseppe and Orsini, Nicola},
  journal={EClinicalMedicine},
  volume={25},
  pages={100457},
  year={2020},
  publisher={Elsevier}
}

@article{middelburg2020covid,
  title={COVID-19: How to make between-country comparisons},
  author={Middelburg, Rutger A and Rosendaal, Frits R},
  journal={International Journal of Infectious Diseases},
  volume={96},
  pages={477--481},
  year={2020},
  publisher={Elsevier}
}

@article{khafaie2020cross,
  title={Cross-country comparison of case fatality rates of COVID-19/SARS-COV-2},
  author={Khafaie, Morteza Abdullatif and Rahim, Fakher},
  journal={Osong public health and research perspectives},
  volume={11},
  number={2},
  pages={74},
  year={2020},
  publisher={Korea Centers for Disease Control and Prevention}
}

@article{bartscher2020social,
  title={Social capital and the spread of Covid-19: Insights from European countries},
  author={Bartscher, Alina K and Seitz, Sebastian and Slotwinski, Michaela and Siegloch, Sebastian and Wehrh{\"o}fer, Nils},
  year={2020},
  publisher={CESifo Working Paper}
}

@article{pillai2020covid,
  title={COVID-19: Situation of European countries so far},
  author={Pillai, Sunitha and Siddika, Nazeeba and Apu, Ehsanul Hoque and Kabir, Russell},
  journal={Archives of medical research},
  volume={51},
  number={7},
  pages={723},
  year={2020},
  publisher={Elsevier}
}

@article{fuller2021mitigation,
  title={Mitigation policies and COVID-19--associated mortalityâ€”37 European countries, January 23--June 30, 2020},
  author={Fuller, James A and Hakim, Avi and Victory, Kerton R and Date, Kashmira and Lynch, Michael and Dahl, Benjamin and Henao, Olga and COVID, CDC and Team, Response},
  journal={Morbidity and Mortality Weekly Report},
  volume={70},
  number={2},
  pages={58},
  year={2021},
  publisher={Centers for Disease Control and Prevention}
}

@article{testinghasell2020,
  title={A cross-country database of COVID-19 testing},
  author={Hasell, Joe and Mathieu, Edouard and Beltekian, Diana and Macdonald, Bobbie and Giattino, Charlie and Ortiz-Ospina, Esteban and Roser, Max and Ritchie, Hannah},
  journal={Scientific data},
  volume={7},
  number={1},
  pages={1--7},
  year={2020},
  publisher={Nature Publishing Group}
}

@article{dong2020interactive,
  title={An interactive web-based dashboard to track COVID-19 in real time},
  author={Dong, Ensheng and Du, Hongru and Gardner, Lauren},
  journal={The Lancet infectious diseases},
  volume={20},
  number={5},
  pages={533--534},
  year={2020},
  publisher={Elsevier}
}

@article{hale2021global,
  title={A global panel database of pandemic policies (Oxford COVID-19 Government Response Tracker)},
  author={Hale, Thomas and Angrist, Noam and Goldszmidt, Rafael and Kira, Beatriz and Petherick, Anna and Phillips, Toby and Webster, Samuel and Cameron-Blake, Emily and Hallas, Laura and Majumdar, Saptarshi and others},
  journal={Nature Human Behaviour},
  volume={5},
  number={4},
  pages={529--538},
  year={2021},
  publisher={Nature Publishing Group}
}

@article{kobak2021excess,
  title={Excess mortality reveals Covid's true toll in Russia},
  author={Kobak, Dmitry},
  journal={Significance (Oxford, England)},
  volume={18},
  number={1},
  pages={16},
  year={2021},
  publisher={Wiley-Blackwell}
}

@techreport{world2020public,
  title={Public health criteria to adjust public health and social measures in the context of COVID-19: annex to considerations in adjusting public health and social measures in the context of COVID-19, 12 May 2020},
  author={World Health Organization and others},
  year={2020},
  institution={World Health Organization}
}
